/home/aw/Templates/CLICdp_template/bibliography/bibliography.bib