@article{Aad:2012tfa,
      author         = "Aad, Georges and others",
      title          = "{Observation of a new particle in the search for the
                        Standard Model Higgs boson with the ATLAS detector at the
                        LHC}",
      collaboration  = "ATLAS",
      journal        = "Phys. Lett.",
      volume         = "B716",
      year           = "2012",
      pages          = "1-29",
      doi            = "10.1016/j.physletb.2012.08.020",
      eprint         = "1207.7214",
      archivePrefix  = "arXiv",
      primaryClass   = "hep-ex",
      reportNumber   = "CERN-PH-EP-2012-218",
      SLACcitation   = "%%CITATION = ARXIV:1207.7214;%%"
}

@article{Baer:2012uy,
      author         = "Baer, Howard and Barger, Vernon and Huang, Peisi and
                        Tata, Xerxes",
      title          = "{Natural Supersymmetry: LHC, dark matter and ILC
                        searches}",
      journal        = "JHEP",
      volume         = "05",
      year           = "2012",
      pages          = "109",
      doi            = "10.1007/JHEP05(2012)109",
      eprint         = "1203.5539",
      archivePrefix  = "arXiv",
      primaryClass   = "hep-ph",
      reportNumber   = "UH-511-1190-12",
      SLACcitation   = "%%CITATION = ARXIV:1203.5539;%%"
}

@ARTICLE{2009JInst...410015B,
   author = {{Boogert}, S. and {Hartin}, A.~F. and {Hildreth}, M. and {K{\"a}fer}, D. and 
	{List}, J. and {Maruyama}, T. and {M{\"o}nig}, K. and {Moffeit}, K.~C. and 
	{Moortgat-Pick}, G. and {Riemann}, S. and {Schreiber}, H.~J. and 
	{Sch{\"u}ler}, P. and {Torrence}, E. and {Woods}, M.},
    title = "{Polarimeters and energy spectrometers for the ILC Beam Delivery System}",
  journal = {Journal of Instrumentation},
archivePrefix = "arXiv",
   eprint = {0904.0122},
 primaryClass = "physics.ins-det",
     year = 2009,
    month = oct,
   volume = 4,
    pages = {10015},
      doi = {10.1088/1748-0221/4/10/P10015},
   adsurl = {http://adsabs.harvard.edu/abs/2009JInst...410015B},
  adsnote = {Provided by the SAO/NASA Astrophysics Data System}
}

@article{Simon:2014aqa,
      author         = "Simon, Frank",
      title          = "{Higgs Physics at future Linear Colliders - A Case for
                        precise Vertexing}",
      booktitle      = "{Proceedings, 22nd International Workshop on Vertex
                        Detectors (Vertex 2013)}",
      journal        = "PoS",
      volume         = "Vertex2013",
      year           = "2014",
      pages          = "019",
      eprint         = "1401.6302",
      archivePrefix  = "arXiv",
      primaryClass   = "hep-ex",
      reportNumber   = "MPP-2014-12",
      SLACcitation   = "%%CITATION = ARXIV:1401.6302;%%"
}

@article{Han:2015ofa,
      author         = "Han, Tao and Liu, Zhen and Qian, Zhuoni and Sayre,
                        Joshua",
      title          = "{Improving Higgs coupling measurements through ZZ Fusion
                        at the ILC}",
      journal        = "Phys. Rev.",
      volume         = "D91",
      year           = "2015",
      number         = "11",
      pages          = "113007",
      doi            = "10.1103/PhysRevD.91.113007",
      eprint         = "1504.01399",
      archivePrefix  = "arXiv",
      primaryClass   = "hep-ph",
      SLACcitation   = "%%CITATION = ARXIV:1504.01399;%%"
}

@article{Fujii:2015jha,
      author         = "Fujii, Keisuke and others",
      title          = "{Physics Case for the International Linear Collider}",
      journal        = "arXiv:1506.05992 [hep-ex]",
      year           = "2015",
      eprint         = "1506.05992",
      archivePrefix  = "arXiv",
      primaryClass   = "hep-ex",
      reportNumber   = "ILC-NOTE-2015-067, DESY-15-094, KEK-PREPRINT-2015-16,
                        LAL-15-188, MPP-2015-120, SLAC-PUB-16302",
      SLACcitation   = "%%CITATION = ARXIV:1506.05992;%%"
}

@article{ILCTDR,
      author         = "Behnke, Ties and Brau, James E. and Foster, Brian and
                        Fuster, Juan and Harrison, Mike and Paterson, James McEwan
                        and Peskin, Michael and Stanitzki, Marcel and Walker,
                        Nicholas and Yamamoto, Hitoshi",
      title          = "{The International Linear Collider Technical Design
                        Report - Volume 1: Executive Summary}",
      journal        = "arXiv:1306.6327 [physics.acc-ph]",
      year           = "2013",
      eprint         = "1306.6327",
      archivePrefix  = "arXiv",
      primaryClass   = "physics.acc-ph",
      reportNumber   = "ILC-REPORT-2013-040, ANL-HEP-TR-13-20,
                        BNL-100603-2013-IR, IRFU-13-59, CERN-ATS-2013-037,
                        COCKCROFT-13-10, CLNS-13-2085, DESY-13-062,
                        FERMILAB-TM-2554, IHEP-AC-ILC-2013-001, INFN-13-04-LNF,
                        JAI-2013-001, JINR-E9-2013-35, JLAB-R-2013-01,
                        KEK-REPORT-2013-1, KNU-CHEP-ILC-2013-1, LLNL-TR-635539,
                        SLAC-R-1004, ILC-HIGRADE-REPORT-2013-003",
      SLACcitation   = "%%CITATION = ARXIV:1306.6327;%%"
}

@misc{PhilBurrows,
author = "Phil Burrows",
title = "{The International Linear Collider}",
journal = "{Seminar at the University Of Birmingham}",
howpublished = "{Seminar at the University Of Birmingham} \url{http://www.ep.ph.bham.ac.uk/general/seminars/slides/Phil-Burrows-2014.pdf}",
year= 2014
}


@article{:2012gk,
      author         = "Aad, Georges and others",
      title          = "{Observation of a new particle in the search for the
                        Standard Model Higgs boson with the ATLAS detector at the
                        LHC}",
      collaboration  = "ATLAS Collaboration",
      journal        = "Phys. Lett. B",
      doi            = "10.1016/j.physletb.2012.08.020",
      year           = "2012",
      eprint         = "1207.7214",
      archivePrefix  = "arXiv",
      primaryClass   = "hep-ex",
      reportNumber   = "CERN-PH-EP-2012-218",
      SLACcitation   = "%%CITATION = ARXIV:1207.7214;%%",
}

@article{PDBook,
      author = {Yao, W. M. and others},
      title = "{Particle Data Group}",
      journal = "{Phys. Rev. D}",
      year = 2012,
      volume = "86",
      url = {http://pdg.lbl.gov}
}

@inproceedings{Lipton:2012du,
      author         = "Lipton, Ronald",
      title          = "{Muon Collider: Plans, Progress and Challenges}",
      booktitle      = "{Particles and fields. Proceedings, Meeting of the
                        Division of the American Physical Society, DPF 2011,
                        Providence, USA, August 9-13, 2011}",
      url            = "http://inspirehep.net/record/1111020/files/arXiv:1204.3538.pdf",
      year           = "2012",
      eprint         = "1204.3538",
      archivePrefix  = "arXiv",
      primaryClass   = "physics.acc-ph",
      reportNumber   = "FERMILAB-CONF-12-883-PPD",
      SLACcitation   = "%%CITATION = ARXIV:1204.3538;%%"
}

@inproceedings{Koratzinos:2014cla,
      author         = "Koratzinos, M.",
      title          = "{FCC-ee accelerator parameters, performance and
                        limitations}",
      booktitle      = "{International Conference on High Energy Physics 2014
                        (ICHEP 2014) Valencia, Spain, July 2-9, 2014}",
      url            = "http://inspirehep.net/record/1327276/files/arXiv:1411.2819.pdf",
      year           = "2014",
      eprint         = "1411.2819",
      archivePrefix  = "arXiv",
      primaryClass   = "physics.acc-ph",
      SLACcitation   = "%%CITATION = ARXIV:1411.2819;%%"
}

@ARTICLE{CDR,
   author = {{Lebrun}, P. and {Linssen}, L. and {Lucaci-Timoce}, A. and {Schulte}, D. and 
	{Simon}, F. and {Stapnes}, S. and {Toge}, N. and {Weerts}, H. and 
	{Wells}, J.},
    title = "{The CLIC Programme: Towards a Staged e+e- Linear Collider Exploring the Terascale : CLIC Conceptual Design Report}",
  journal = {arXiv:1209.2543 [physics.ins-det]},
archivePrefix = "arXiv",
   eprint = {1209.2543},
 primaryClass = "physics.ins-det",
 keywords = {Physics - Instrumentation and Detectors, Physics - Accelerator Physics},
     year = 2012,
    month = sep,
   adsurl = {http://adsabs.harvard.edu/abs/2012arXiv1209.2543L},
  adsnote = {Provided by the SAO/NASA Astrophysics Data System}
}

@misc{ILD,
      author         = "Abe, Toshinori and others",
      title          = "{The International Large Detector: Letter of Intent}",
      journal        = "{arXiv:1006.3396 [hep-ex]}",
      collaboration  = "Linear Collider ILD Concept Group -",
      year           = "2010",
      eprint         = "1006.3396",
      archivePrefix  = "arXiv",
      primaryClass   = "hep-ex",
      reportNumber   = "FERMILAB-LOI-2010-03, FERMILAB-PUB-09-682-E, DESY-09-87,
                        KEK-REPORT-2009-6",
      SLACcitation   = "%%CITATION = ARXIV:1006.3396;%%"
}


@ARTICLE{2011JInst...6.5009B,
   author = {{Ballin}, J.~A. and {Coath}, R. and {Crooks}, J.~P. and {Dauncey}, P.~D. and 
	{Magnan}, A.-M. and {Mikami}, Y. and {Miller}, O.~D. and {Noy}, M. and 
	{Rajovic}, V. and {Stanitzki}, M. and {Stefanov}, K.~D. and 
	{Turchetta}, R. and {Tyndel}, M. and {Villani}, E.~G. and {Watson}, N.~K. and 
	{Wilson}, J.~A. and {Zhang}, Z.},
    title = "{Design and performance of a CMOS study sensor for a binary readout electromagnetic calorimeter}",
  journal = {Journal of Instrumentation},
archivePrefix = "arXiv",
   eprint = {1103.4265},
 primaryClass = "physics.ins-det",
     year = 2011,
    month = may,
   volume = 6,
    pages = {5009},
      doi = {10.1088/1748-0221/6/05/P05009},
   adsurl = {http://adsabs.harvard.edu/abs/2011JInst...6.5009B},
  adsnote = {Provided by the SAO/NASA Astrophysics Data System}
}

@article{MylroieSmith,
author = {{J. Mylroie-Smith et al}},
title = {{First tests of CHERWELL, a Monolithic Active Pixel Sensor}},
journal = {Pixel 2012 Conference},
year = 2012,
}

@article{Price:2012vta,
      author         = "Price, Tony",
      title          = "{MAPS technology for vertexing, tracking, and
                        calorimetry}",
      journal        = "Phys. Procedia",
      volume         = "37",
      year           = "2012",
      pages          = "932-939",
      doi            = "10.1016/j.phpro.2012.02.437",
      SLACcitation   = "%%CITATION = INSPIRE-1237595;%%"
}

